@book{softwarequalityassurance2016,
    editor = {Ivan Mistrik and Richard Soley and Nour Ali and John Grundy and Bedir Tekinerdogan},
    title = {Software Quality Assurance},
    publisher = {Morgan Kaufmann},
    address = {Boston},
    year = {2016},
    isbn = {978-0-12-802301-3}
}